@article{Ansari,
	title = {Design and Development of an Ergonomic Chair for Students in Educational Settings},
	volume = {7},
	issn = {2251-9513},
	url = {http://publish.brieflands.com/articles/healthscope-60531.bib},
	doi = {10.5812/jhealthscope.60531},
	pages = {e60531},
	number = {4},
	journaltitle = {Health Scope},
	author = {Ansari, S. A. and Nikpey, A. N. and Varmazyar, S. V.},
	note = {Publisher: Brieflands},
	file = {design_and_development_of_an_ergonomic_chair.pdf:/Users/kylewodehouse/Downloads/design_and_development_of_an_ergonomic_chair.pdf:application/pdf},
}

@article{mohamed,
	title = {Designing chairs with mounted desktop for university students: Ergonomics and comfort},
	volume = {40},
	rights = {https://www.elsevier.com/tdm/userlicense/1.0/},
	issn = {01698141},
	url = {https://linkinghub.elsevier.com/retrieve/pii/S0169814109001280},
	doi = {10.1016/j.ergon.2009.10.003},
	shorttitle = {Designing chairs with mounted desktop for university students},
	pages = {8--18},
	number = {1},
	journaltitle = {International Journal of Industrial Ergonomics},
	shortjournal = {International Journal of Industrial Ergonomics},
	author = {Mohamed Thariq, M.G. and Munasinghe, H.P. and Abeysekara, J.D.},
	urldate = {2025-04-10},
	date = {2010-01},
	langid = {english},
}

@misc{egypt,
	author = {},
	title = {{A}ncient {E}gyptian {F}urniture in {E}gypt --- furniturestyles.net},
	howpublished = {\url{https://www.furniturestyles.net/ancient/egyptian/}},
	year = {},
	note = {[Accessed 10-04-2025]},
}
